@book{Cancer,
  author = {Wai-Yuan, Leonid Hanin},
  year = {2008},
  title = {Handbook of cancer with applications},
  publisher = {World Scientific Publishing}
}

@book{Zill,
  author = {Dennis G. Zill, Jacqueline M. Dewar},
  year = {2012},
  title = {Álgebra, trogonometría y geometría analítica},
  publisher = {McGraw-Hill}
}

@book{Larson,
  author = {Ron Larson, Bruce H. Edwards},
  year = {2012},
  title = {Cálculo I},
  publisher = {McGraw-Hill}
}

@book{Schaum,
  author = {Murray R. Spiegel},
  year = {1968},
  title = {Schaum's outline of theory and problems of vector analysis and an introduction to tensor},
  publisher = {McGraw-Hill}
}

@article{Zwinderman,
  author  = "Zwinderman AH, Cleophas TA, Cleophas TJ, van der Wall EE",
  title   = "Polynomial analysis of ambulatory blood pressure measurements",
  journal = "Neth Heart J.",
  year    = 2001,
  volume  = "9",
  number  = "2",
  pages   = "68-74"
}
